<?xml version="1.0" encoding="UTF-8"?><collection xmlns="http://www.loc.gov/MARC21/slim"><record><leader>00479nam--2200181-i-4500</leader><controlfield tag="001">000016668</controlfield><controlfield tag="002">20161230</controlfield><controlfield tag="005">20170127224036</controlfield><controlfield tag="008">060222s1000------------r-----000-0-eng-d</controlfield><datafield ind1=" " ind2=" " tag="100"><subfield code="a">Rivlin, L. A</subfield></datafield><datafield ind1=" " ind2=" " tag="245"><subfield code="a">Optical lasers, Gamma-ray</subfield></datafield><datafield ind1=" " ind2=" " tag="260"><subfield code="a">Netherlands</subfield><subfield code="b">Baltzer Science Publishers</subfield><subfield code="c">1997</subfield></datafield><datafield ind1=" " ind2=" " tag="300"><subfield code="a">496 p</subfield></datafield><datafield ind1=" " ind2=" " tag="490"><subfield code="a">Hyperfine Interactions</subfield></datafield><datafield ind1=" " ind2=" " tag="500"><subfield code="a">Gamma-ray Lasers</subfield></datafield><datafield ind1=" " ind2=" " tag="700"><subfield code="a">Collins, C. B</subfield></datafield><datafield ind1=" " ind2=" " tag="852"><subfield code="a">621.375.826(061.3)</subfield></datafield><datafield ind1=" " ind2=" " tag="CAT"><subfield code="a">SYS</subfield><subfield code="c">20170127</subfield><subfield code="h">224036</subfield></datafield></record></collection>